@article{NNModel,
  title={Bankruptcy prediction model using neural networks},
  author={Bredart, Xavier},
  journal={Accounting and Finance Research},
  volume={3},
  number={2},
  pages={124},
  year={2014}
}

@book{altman2010corporate,
  title={Corporate financial distress and bankruptcy: Predict and avoid bankruptcy, analyze and invest in distressed debt},
  author={Altman, Edward I and Hotchkiss, Edith},
  volume={289},
  year={2010},
  publisher={John Wiley \& Sons}
}

@misc{chollet2015keras,
  author = {Chollet, François},
  title = {Keras},
  year = {2015},
  publisher = {GitHub},
  journal = {GitHub repository},
  howpublished = {\url{https://github.com/fchollet/keras}}
}

@article{shin2005application,
  title={An application of support vector machines in bankruptcy prediction model},
  author={Shin, Kyung-Shik and Lee, Taik Soo and Kim, Hyun-jung},
  journal={Expert Systems with Applications},
  volume={28},
  number={1},
  pages={127--135},
  year={2005},
  publisher={Elsevier}
}

@inproceedings{chen2015higgs,
  title={Higgs boson discovery with boosted trees},
  author={Chen, Tianqi and He, Tong},
  booktitle={NIPS 2014 Workshop on High-energy Physics and Machine Learning},
  pages={69--80},
  year={2015}
}

@article{yang200610,
  title={10 challenging problems in data mining research},
  author={Yang, Qiang and Wu, Xindong},
  journal={International Journal of Information Technology \& Decision Making},
  volume={5},
  number={04},
  pages={597--604},
  year={2006},
  publisher={World Scientific}
}

@article{zhang2013rule,
  title={A rule-based model for bankruptcy prediction based on an improved genetic ant colony algorithm},
  author={Zhang, Yudong and Wang, Shuihua and Ji, Genlin},
  journal={Mathematical Problems in Engineering},
  volume={2013},
  year={2013},
  publisher={Hindawi Publishing Corporation}
}

@article{agarwal2008comparing,
  title={Comparing the performance of market-based and accounting-based bankruptcy prediction models},
  author={Agarwal, Vineet and Taffler, Richard},
  journal={Journal of Banking \& Finance},
  volume={32},
  number={8},
  pages={1541--1551},
  year={2008},
  publisher={Elsevier}
}

@article{JMLR:v18:16-365,
author  = {Guillaume  Lema{{\^i}}tre and Fernando Nogueira and Christos K. Aridas},
title   = {Imbalanced-learn: A Python Toolbox to Tackle the Curse of Imbalanced Datasets in Machine Learning},
journal = {Journal of Machine Learning Research},
year    = {2017},
volume  = {18},
number  = {17},
pages   = {1-5},
url     = {http://jmlr.org/papers/v18/16-365.html}
}

@manual{data,
  title  = "Polish companies bankruptcy data Data Set ",
  author = "Sebastian Tomczak",
  url    = "https://archive.ics.uci.edu/ml/datasets/Polish+companies+bankruptcy+data",
  year   = "2016"
}

@manual{anomaly,
  title  = "Anomaly detection",
  author = "Wikipedia",
  url    = "https://en.wikipedia.org/wiki/Anomaly_detection",
  year   = "2016"
}

@manual{F1,
  title  = "F1 Score",
  author = "Wikipedia",
  url    = "https://en.wikipedia.org/wiki/F1_score",
  year   = "2016"
}

@manual{dataSchool,
  title  = "ROC Curve",
  author = "Kevin Markham",
  url    = "http://www.dataschool.io/roc-curves-and-auc-explained/",
  year   = "2014"
}

@manual{ROC,
  title  = "Receiver operating characteristic",
  author = "Wikipedia",
  url    = "https://en.wikipedia.org/wiki/Receiver_operating_characteristic#Area_under_the_curve",
  year   = "2016"
}

@misc{chollet2015keras,
  author = {Chollet, François},
  title = {Keras},
  year = {2015},
  publisher = {GitHub},
  journal = {GitHub repository},
  howpublished = {\url{https://github.com/fchollet/keras}}
}

@inproceedings{sakurada2014anomaly,
  title={Anomaly detection using autoencoders with nonlinear dimensionality reduction},
  author={Sakurada, Mayu and Yairi, Takehisa},
  booktitle={Proceedings of the MLSDA 2014 2nd Workshop on Machine Learning for Sensory Data Analysis},
  pages={4},
  year={2014},
  organization={ACM}
}

@article{net2net,
  title={Net2net: Accelerating learning via knowledge transfer},
  author={Chen, Tianqi and Goodfellow, Ian and Shlens, Jonathon},
  journal={arXiv preprint arXiv:1511.05641},
  year={2015}
}

@article{zikeba2016ensemble, 
title={Ensemble Boosted Trees with Synthetic Features Generation in Application to Bankruptcy Prediction}, 
author={Zi{k{e}}ba, Maciej and Tomczak, Sebastian K and Tomczak, Jakub M}, 
journal={Expert Systems with Applications}, 
year={2016}, 
publisher={Elsevier} 
}
@article{iturriaga2015bankruptcy,
  title={Bankruptcy visualization and prediction using neural networks: A study of US commercial banks},
  author={Iturriaga, F{\'e}lix J L{\'o}pez and Sanz, Iv{\'a}n Pastor},
  journal={Expert Systems with applications},
  volume={42},
  number={6},
  pages={2857--2869},
  year={2015},
  publisher={Elsevier}
}

@article{lee2013multi,
  title={A multi-industry bankruptcy prediction model using back-propagation neural network and multivariate discriminant analysis},
  author={Lee, Sangjae and Choi, Wu Sung},
  journal={Expert Systems with Applications},
  volume={40},
  number={8},
  pages={2941--2946},
  year={2013},
  publisher={Elsevier}
}

@mastersthesis{bernhardsen2001model,
  title={A model of bankruptcy prediction},
  author={Bernhardsen, Eivind},
  year={2001}
}

@article{angelini2008neural,
  title={A neural network approach for credit risk evaluation},
  author={Angelini, Eliana and di Tollo, Giacomo and Roli, Andrea},
  journal={The quarterly review of economics and finance},
  volume={48},
  number={4},
  pages={733--755},
  year={2008},
  publisher={Elsevier}
}

@article{kittler1998combining,
  title={On combining classifiers},
  author={Kittler, Josef and Hatef, Mohamad and Duin, Robert PW and Matas, Jiri},
  journal={IEEE transactions on pattern analysis and machine intelligence},
  volume={20},
  number={3},
  pages={226--239},
  year={1998},
  publisher={IEEE}
}